@book{atkinson1992optimum,
  title={Optimum Experimental Designs},
  author={Atkinson, Anthony Curtis and Donev, Alexander N},
  publisher={Clarendon Press, Oxford},
  year={1992}
}
@book{berger2009introduction,
  title={An Introduction to Optimal Designs for Social and Biomedical Research},
  author={Berger, Martijn PF and Wong, Weng-Kee},
  year={2009},
  publisher={John Wiley \& Sons}
}
@article{brosi2008optimal,
  title={Optimal design of agricultural landscapes for pollination services},
  author={Brosi, Berry J and Armsworth, Paul R and Daily, Gretchen C},
  journal={Conservation Letters},
  volume={1},
  pages={27--36},
  year={2008}
}
@article{bose2015optimal,
  title={Optimal design measures under asymmetric errors, with application to binary design points},
  author={Bose, Mausumi and Mukerjee, Rahul},
  journal={Journal of Statistical Planning and Inference},
  volume={159},
  pages={28--36},
  year={2015}
}
@book{box1987empirical,
  title={Empirical Model-building and Response Surfaces.},
  author={Box, George E.P and Draper, Norman R},
  year={1987},
  publisher={John Wiley \& Sons}
}
@book{box1978statistics,
  title={Statistics for Experimenters},
  author={Box, George EP and Hunter, William H and Hunter, Stuart and others},
  year={1978},
  publisher={John Wiley \& Sons}
}
@book{boyd2004convex,
  title={Convex Optimization},
  author={Boyd, Stephen and Boyd, Stephen P and Vandenberghe, Lieven},
  year={2004},
  publisher={Cambridge university press}
}
@article{chernoff1953locally,
  title={Locally optimal designs for estimating parameters},
  author={Chernoff, Herman},
  journal={The Annals of Mathematical Statistics},
  volume={24},
  pages={586--602},
  year={1953}
}
@article{crary2002design,
  title={Design of computer experiments for metamodel generation},
  author={Crary, Selden B},
  journal={Analog Integrated Circuits and Signal Processing},
  volume={32},
  pages={7--16},
  year={2002}
}
@article{crary2000optimal,
  title={Optimal design of computer experiments for metamodel generation using I-OPT},
  author={Crary, Selden B and Armstrong, David and Mok, Eva H and Cousseau, Peter and Renaud, Philippe and Woodcock, David M and Dubochet, Olivier and Lerch, Philippe},
  journal={CMES- Computer Modeling in Engineering \& Sciences},
  volume={1},
  pages={127--139},
  year={2000}
}
@article{cui2009fractional,
  title={Fractional polynomials and model selection in generalized estimating equations analysis, with an application to a longitudinal epidemiologic study in Australia},
  author={Cui, Jisheng and de Klerk, Nick and Abramson, Michael and Del Monaco, Anthony and Benke, Geza and Dennekamp, Martine and Musk, Arthur W and Sim, Malcolm},
  journal={American Journal of Epidemiology},
  volume={169},
  pages={113--121},
  year={2009}
}
@book{dean2015handbook,
  title={Handbook of Design and Analysis of Experiments},
  author={Dean, Angela and Morris, Max and Stufken, John and Bingham, Derek},
  year={2015},
  publisher={CRC Press}
}
@article{derendorf1999modeling,
  title={Modeling of pharmacokinetic/pharmacodynamic (PK/PD) relationships: concepts and perspectives},
  author={Derendorf, Hartmut and Meibohm, Bernd},
  journal={Pharmaceutical research},
  volume={16},
  pages={176--185},
  year={1999}
}
@article{schorning2017optimal,
  title={Optimal designs for active controlled dose-finding trials with efficacy-toxicity outcomes},
  author={Schorning, Kirsten and Dette, Holger and Kettelhake, Katrin and Wong, Weng Kee and Bretz, Frank},
  journal={Biometrika},
  volume={104},
  pages={1003--1010},
  year={2017}
}
@article{dette2008optimal,
  title={Optimal designs for free knot least squares splines},
  author={Dette, Holger and Melas, Viatcheslav B and Pepelyshev, Andrey},
  journal={Statistica Sinica},
  volume={18},
  pages={1047--1062},
  year={2008}
}
@article{dette2008improving,
  title={Improving updating rules in multiplicative algorithms for computing D-optimal designs},
  author={Dette, Holger and Pepelyshev, Andrey and Zhigljavsky, Anatoly},
  journal={Computational Statistics \& Data Analysis},
  volume={53},
  pages={312--320},
  year={2008}
}
@book{fedorov1972theory,
  title={Theory of Optimal Experiments},
  author={Fedorov, VV},
  year={1972},
  publisher={Academic Press}
}
@article{fedorov1994optimal,
  title={Optimal experimental design: spatial sampling},
  author={Fedorov, Valery V and Hackl, Peter},
  journal={Calcutta Statistical Association Bulletin},
  volume={44},
  pages={57--82},
  year={1994}
}
@article{fedorov1996design,
  title={Design of spatial experiments: model fitting and prediction},
  author={Fedorov, Valerii V},
  journal={Handbook of Statistics},
  volume={13},
  pages={515--553},
  year={1996}
}
@article{gao2014new,
  title={New optimal design criteria for regression models with asymmetric errors},
  author={Gao, Lucy L and Zhou, Julie},
  journal={Journal of Statistical Planning and Inference},
  volume={149},
  pages={140--151},
  year={2014}
}
@article{gao2017d,
  title={D-optimal designs based on the second-order least squares estimator},
  author={Gao, Lucy L and Zhou, Julie},
  journal={Statistical Papers},
  volume={58},
  pages={77--94},
  year={2017}
}
@article{haines2003bayesian,
  title={Bayesian optimal designs for phase I clinical trials},
  author={Haines, Linda M and Perevozskaya, Inna and Rosenberger, William F},
  journal={Biometrics},
  volume={59},
  pages={591--600},
  year={2003}
}
@article{jain2003modeling,
  title={Modeling and optimal design of ground air collector for heating in controlled environment greenhouse},
  author={Jain, Dilip and Tiwari, GN},
  journal={Energy Conversion and Management},
  volume={44},
  pages={1357--1372},
  year={2003}
}
@book{khuri1996response,
  title={Response Surfaces: Designs and Analyses},
  author={Khuri, Andre I and Cornell, John A},
  year={1996},
  edition={2nd},
  publisher={CRC Press}
}
@article{kiefer1959optimum,
  title={Optimum experimental designs},
  author={Kiefer, Jack},
  journal={Journal of the Royal Statistical Society, Series B},
  volume={21},
  pages={272--304},
  year={1959}
}
@article{kiefer1974general,
  title={General equivalence theory for optimum designs (approximate theory)},
  author={Kiefer, Jack},
  journal={The Annals of Statistics},
  volume={2},
  pages={849--879},
  year={1974}
}
@book{kiefer1985jack,
  title={Jack Carl Kiefer Collected Papers, III: Design of Experiments},
  author={Kiefer, Jack and Brown, LD},
  year={1985},
  publisher={Springer-Verlag New York}
}
@article{kiefer-wolfowitz1959optimum,
  title={Optimum designs in regression problems},
  author={Kiefer, Jack and Wolfowitz, Jacob},
  journal={The Annals of Mathematical Statistics},
  volume={30},
  pages={271--294},
  year={1959}
}
@article{kozusko2003combining,
  title={Combining Gompertzian growth and cell population dynamics},
  author={Kozusko, Frank and Bajzer, {\v{Z}}eljko},
  journal={Mathematical Biosciences},
  volume={185},
  pages={153--167},
  year={2003}
}
@article{laird1964dynamics,
  title={Dynamics of tumour growth},
  author={Laird, Anna Kane},
  journal={British Journal of Cancer},
  volume={18},
  pages={490-502},
  year={1964}
}
@article{michaelis49kinetic,
  title={Die Kinetic der Invertinwirkung, 1913},
  author={Michaelis, L and Menten, ML},
  journal={Biochemische Zeitschrift},
  volume={49},
  pages={333-369}
}
@book{montgomery2017design,
  title={Design and analysis of experiments},
  author={Montgomery, Douglas C},
  year={2017},
  publisher={John Wiley \& Sons}
}
@book{montgomery2012introduction,
  title={Introduction to Linear Regression Analysis},
  author={Montgomery, Douglas C and Peck, Elizabeth A and Vining, G Geoffrey},
  year={2012},
  publisher={John Wiley \& Sons}
}
@article{paquet2015optimal,
  title={Optimal experimental design for parameter estimation of the Peleg model},
  author={Paquet-Durand, O and Zettel, V and Hitzmann, B},
  journal={Chemometrics and Intelligent Laboratory Systems},
  volume={140},
  pages={36--42},
  year={2015}
}
@book{pukelsheim2006optimal,
  title={Optimal Design of Experiments},
  author={Pukelsheim, Friedrich},
  year={2006},
  publisher={SIAM}
}
@article{royston1995regression,
	title="Regression using fractional polynomials of continuous covariates: parsimonious parametric modelling",
	author="P. {Royston} and D.G. {Altman}",
	journal="Insurance Mathematics \& Economics",
	volume="2",
	pages="165--166",
	year="1995"
}
@book{silvey1980optimal,
	title="Optimal Design: An Introduction to the Theory for Parameter Estimation",
	author="Samuel David {Silvey}",
	year="1980",
	publisher={Chapman \& Hall Ltd}
}
@article{torsney995minimally,
	title="Designing for minimally dependent observations.",
	author=" B. Torsney and A. M. Alahmadi",
	journal="Statistica Sinica",
	volume="5",
	pages="499-514",
	year="1995"
}
@article{sturm1999using,
	title="Using SeDuMi 1.02, a MATLAB toolbox for optimization over symmetric cones",
	author="Jos F. {Sturm}",
	journal="Optimization Methods \& Software",
	volume="11",
	pages="625--653",
	year="1999"
}

@article{wong2019cvx,
	title="CVX‐based algorithms for constructing various optimal regression designs",
	author="Weng Kee {Wong} and Julie {Zhou}",
	journal="Canadian Journal of Statistics",
	volume="47",
	pages="374--391",
	year="2019"
}

@article{wang2008second,
	title="Second-order nonlinear least squares estimation",
	author="Liqun {Wang} and Alexandre {Leblanc}",
	journal="Annals of the Institute of Statistical Mathematics",
	volume="60",
	pages="883--900",
	year="2008"
}

@article{torsney2009multiplicative,
	title="Multiplicative algorithms for computing optimum designs",
	author="B. {Torsney} and R. {Martín-Martín}",
	journal="Journal of Statistical Planning and Inference",
	volume="139",
	pages="3947--3961",
	year="2009"
}

@article{silvey1978an,
	title="An algorithm for optimal designs on a design space",
	author="S.D. {Silvey} and D.H. {Titterington} and B. {Torsney}",
	journal="Communications in Statistics-theory and Methods",
	volume="7",
	pages="1379--1389",
	year="1978"
}

@article{yin2018optimal,
	title="Optimal designs for regression models using the second-order least squares estimator",
	author="Yin, Yue and Zhou, Julie",
	journal={Statistica Sinica},
	volume={27},
	pages={1841--1856},
	year={2017}
}

@article{zhou2003a,
	title="A Bayesian A-Optimal and Model Robust Design Criterion",
	author="Xiaojie {Zhou} and Lawrence {Joseph} and David B. {Wolfson} and Patrick {Bélisle}",
	journal="Biometrics",
	volume="59",
	pages="1082--1088",
	year="2003"
}

@article{titterington1978estimation,
	title="Estimation of Correlation Coefficients by Ellipsoidal Trimming",
	author="D. M. {Titterington}",
	journal="Journal of The Royal Statistical Society, Series C",
	volume="27",
	pages="227--234",
	year="1978"
}

@book{dette1997theory,
  title={The theory of canonical moments with applications in statistics, probability, and analysis},
  author={Dette, Holger and Studden, William J},
  year={1997},
  publisher={John Wiley \& Sons}
}

@article{mm1913kinetik,
  title={Die kinetik der invertinwirkung},
  author={Michaelis, Leonor and Menten, Maud L},
  journal={Biochemistry Zeitung},
  volume={49},
  pages={333-369},
  year={1913}
}
